@online{BinghamtonUniversity2023Crescent, 
title={The crescent moon sets over the Clock Tower at the Union and the Glenn G. Bartle Library Tower at sunset.},
author={{Binghamton University}},
url={https://flic.kr/p/2p9QBE1},  
year={2023}, month={10}
}

@online{BinghamtonUniversity2023Snowfall, 
title={Snowfall at Binghamton University, Tuesday, February 12, 2019. Glenn G. Bartle Library tower.}, 
author={{Binghamton University}},
url={https://flic.kr/p/2dk36G8},  
year={2019}, month={2}
} 